@inproceedings{isbpaper,
  title={Linearizing irregular memory accesses for improved correlated prefetching},
  author={Jain, Akanksha and Lin, Calvin},
  booktitle={Proceedings of the 46th Annual IEEE/ACM International Symposium on Microarchitecture},
  pages={247--259},
  year={2013},
  organization={ACM}
}

@inproceedings{bopaper,
  title={Best-offset hardware prefetching},
  author={Michaud, Pierre},
  booktitle={High Performance Computer Architecture (HPCA), 2016 IEEE International Symposium on},
  pages={469--480},
  year={2016},
  organization={IEEE}
}

@inproceedings{yalepaper,
  title={Techniques for bandwidth-efficient prefetching of linked data structures in hybrid prefetching systems},
  author={Ebrahimi, Eiman and Mutlu, Onur and Patt, Yale N},
  booktitle={High Performance Computer Architecture, 2009. HPCA 2009. IEEE 15th International Symposium on},
  pages={7--17},
  year={2009},
  organization={IEEE}
}

@inproceedings{reinforcementlearning,
  title={Semantic locality and context-based prefetching using reinforcement learning},
  author={Peled, Leeor and Mannor, Shie and Weiser, Uri and Etsion, Yoav},
  booktitle={Computer Architecture (ISCA), 2015 ACM/IEEE 42nd Annual International Symposium on},
  pages={285--297},
  year={2015},
  organization={IEEE}
}

@inproceedings{stms,
  title={Practical off-chip meta-data for temporal memory streaming},
  author={Wenisch, Thomas F and Ferdman, Michael and Ailamaki, Anastasia and Falsafi, Babak and Moshovos, Andreas},
  booktitle={High Performance Computer Architecture, 2009. HPCA 2009. IEEE 15th International Symposium on},
  pages={79--90},
  year={2009},
  organization={IEEE}
}

@article{sms,
  title={Spatial memory streaming},
  author={Somogyi, Stephen and Wenisch, Thomas F and Ailamaki, Anastassia and Falsafi, Babak and Moshovos, Andreas},
  journal={ACM SIGARCH Computer Architecture News},
  volume={34},
  number={2},
  pages={252--263},
  year={2006},
  publisher={ACM}
}

@inproceedings{ghbpaper,
  title={Data cache prefetching using a global history buffer},
  author={Nesbit, Kyle J and Smith, James E},
  booktitle={Software, IEE Proceedings-},
  pages={96--96},
  year={2004},
  organization={IEEE}
}

@inproceedings{sandboxpaper,
  title={Sandbox prefetching: Safe run-time evaluation of aggressive prefetchers},
  author={Pugsley, Seth H and Chishti, Zeshan and Wilkerson, Chris and Chuang, Peng-fei and Scott, Robert L and Jaleel, Aamer and Lu, Shih-Lien and Chow, Kingsum and Balasubramonian, Rajeev},
  booktitle={High Performance Computer Architecture (HPCA), 2014 IEEE 20th International Symposium on},
  pages={626--637},
  year={2014},
  organization={IEEE}
}
